@Manual{pkg:fields,
    title = {fields: Tools for spatial data},
    author = {Reinhard Furrer and Douglas Nychka and Stephen Sain},
    year = {2010},
    note = {R package version 6.3},
    url = {http://CRAN.R-project.org/package=fields},
  }

 @Article{pkg:gstat,
    title = {Multivariable geostatistics in S: the gstat package},
    author = {Edzer J. Pebesma},
    journal = {Computers \& Geosciences},
    year = {2004},
    volume = {30},
    pages = {683-691},
  }
  
 @Manual{srinivasan:kriging,
    title = {Efficient kriging for real-time spatio-temporal interpolation},
    author = {Srinivasan BV, Duraiswami R, Murtugudde R},
    year = {2010},
  }
